@article{bouvier_evrard-todeschi_girault_bertho_2009, title={Automatic clustering of docking poses in virtual screening process using self-organizing map}, volume={26}, DOI={10.1093/bioinformatics/btp623}, number={1}, journal={Bioinformatics}, author={Bouvier, Guillaume and Evrard-Todeschi, Nathalie and Girault, Jean-Pierre and Bertho, Gildas}, year={2009}, pages={53–60}}
@article{schuchhardt_schneider_reichelt_schomburg_wrede_1996, title={Local structural motifs of protein backbones are classified by self-organizing neural networks}, volume={9}, DOI={10.1093/protein/9.10.833}, number={10}, journal={"Protein Engineering, Design and Selection"}, author={Schuchhardt, Johannes and Schneider, Gisbert and Reichelt, Joachim and Schomburg, Dietmar and Wrede, Paul}, year={1996}, pages={833–842}}
@article{brevern_etchebest_hazout_2000, title={Bayesian probabilistic approach for predicting backbone structures in terms of protein blocks}, volume={41}, DOI={10.1002/1097-0134(20001115)41:3<271::aid-prot10>3.0.co;2-z}, number={3}, journal={Proteins: Structure, Function, and Genetics}, author={Brevern, A.g. De and Etchebest, C. and Hazout, S.}, year={2000}, pages={271–287}}
@inproceedings{macqueen1967,
address = "Berkeley, Calif.",
author = "MacQueen, J.",
booktitle = "Proceedings of the Fifth Berkeley Symposium on Mathematical Statistics and Probability, Volume 1: Statistics",
pages = "281--297",
publisher = "University of California Press",
title = "Some methods for classification and analysis of multivariate observations",
url = "https://projecteuclid.org/euclid.bsmsp/1200512992",
year = "1967"
}

@article{article,
author = {de Brevern, Alexandre and Etchebest, Catherine and Benros, Cristina and Hazout, Serge},
year = {2007},
month = {04},
pages = {51-70},
title = {“Pinning strategy”: a novel approach for predicting the backbone structure in terms of protein blocks from sequence},
volume = {32},
journal = {Journal of biosciences},
doi = {10.1007/s12038-007-0006-3}
}

@ARTICLE{1187438,
author={H. {Shah-Hosseini} and R. {Safabakhsh}},
journal={IEEE Transactions on Systems, Man, and Cybernetics, Part B (Cybernetics)},
title={TASOM: a new time adaptive self-organizing map},
year={2003},
volume={33},
number={2},
pages={271-282},
keywords={self-organising feature maps;adaptive systems;learning (artificial intelligence);optical tracking;edge detection;time adaptive self organizing map;TASOM;adaptive learning rates;neighborhood sizes;learning parameters;input vector;winning neuron;scaling vector;scaling transformation compensation;updating rules;changing environment;bilevel grey level image thresholding;moving object tracking;moving object boundary tracking;adaptive clustering;simulation;Adaptive systems;Neurons;Clustering algorithms;Algorithm design and analysis;Quadrature amplitude modulation;Neural networks;Motion analysis;Discrete transforms;Two dimensional displays},
doi={10.1109/TSMCB.2003.810442},
ISSN={1083-4419},
month={April},}